@manual{V203, 
	title = "Versuchsanleitung V203: Verdampfungswärme und Dampfdruckkurve", 
	publisher = "An\hyphenate fän\hyphenate ger\hyphenate praktikum Physik, TU Dortmund",
} 

@book{Walcher,
	author = "W. Walcher",
	title = {Praktikum der Physik},
	publisher = "Teubner Studienbücher",
	year = 1989,
}

@book{Gerthsen,
	author = "Dieter Meschede",
	title = {Gerthsen Physik},
	publischer = "Springer",
	year = 2005,
}
