@manual{V203, 
	title = "Versuchsanleitung V203: Verdampfungswärme und Dampfdruckkurve", 
	publisher = "An\hyphenate fän\hyphenate ger\hyphenate praktikum, TU Dortmund",
} 

@manual{V355,
	title = "Versuchsanleitung V355: Gekoppelte Schwingkreise",
	publisher = "An\hyphenate fän\hyphenate ger\hyphenate prak\hyphenate ti\hyphenate kum, TU Dortmund",
}

@book{Walcher,
	author = "W. Walcher",
	title = {Praktikum der Physik},
	publisher = "Teubner Studienbücher",
	year = 1989,
}

@book{Gerthsen,
	author = "Dieter Meschede",
	title = {Gerthsen Physik},
	publischer = "Springer",
	year = 2005,
}

@manual{TUGraz,
	title = "Verdampfungswärme von Wasser",
	publisher = "Grundpraktikum, Institut f. Experimentalphysik, TU Graz",
}